<?xml version="1.0" encoding="UTF-8"?><collection xmlns="http://www.loc.gov/MARC21/slim"><record><leader>00335nam--2200121-i-4500</leader><controlfield tag="001">000027584</controlfield><controlfield tag="002">20161230</controlfield><controlfield tag="005">20161230201036</controlfield><controlfield tag="008">060222s1000------------r-----000-0-eng-d</controlfield><datafield ind1=" " ind2=" " tag="100"><subfield code="a">Kranz, Siegfried</subfield></datafield><datafield ind1=" " ind2=" " tag="245"><subfield code="a">Analytische chemie. 2-te verbesserte auflage. band ii: gewichtsanalyse</subfield></datafield><datafield ind1=" " ind2=" " tag="260"><subfield code="a">Leipzig Fachbuchverlag, 1957</subfield></datafield><datafield ind1=" " ind2=" " tag="852"><subfield code="a">4913</subfield></datafield></record></collection>